@online{lib:scrapy,
  title="{Scrapy}",
  author="{Zyte}",
  urldate={2022-07-18},
  url="https://scrapy.org/",
}

@online{lib:aiohttp,
  title="{AIOHTTP --- Asynchronous HTTP Client/Server for asyncio and Python}",
  author="{Nikolay Kim and Andrew Svetlov}",
  urldate={2022-07-18},
  url="https://docs.aiohttp.org/en/stable/",
}

@online{spec:xpath,
  title="{XPath Path Language 3.1}",
  author="{W3C}",
  urldate={2022-07-18},
  url="https://www.w3.org/TR/2017/REC-xpath-31-20170321/",
}

@online{spec:jsonlines,
  title="{JSONLines}",
  author="{wouter bolsterlee}",
  urldate={2022-07-18},
  url="https://jsonlines.readthedocs.io/",
}

@techreport{spec:pep0492,
  title="{PEP-492}",
  author="{Yury Selivanov}",
  year="{2015}",
  type="{PEP}",
  number="{492}",
  url="https://peps.python.org/pep-0492/",
  urldate={2022-07-18},
}

@online{tool:sqlite,
  title="{SQLite3}",
  author="{SQLite}",
  year="{2022}",
  url="https://www.sqlite.org/about.html",
  urldate={2022-07-18},
}

@online{spec:cnj-numeração-única,
  title="{Numeração Única - Portal CNJ}",
  author="{Conselho Nacional de Justiça}",
  urldate={2022-07-08},
  url="https://www.cnj.jus.br/programas-e-acoes/numeracao-unica/",
}

@online{spec:tjrj-codigos-unidades-de-origem,
  title="{Código das Serventias}",
  author="{Tribunal de Justiça do Estado do Rio de Janeiro}",
  year="2009",
  urldate={2022-07-08},
  url="https://www.tjrj.jus.br/consultas/cod_serventias/cons_cod_serventias",
}

@techreport{spec:cnj-numeração-única-resolução,
  title="{Resolução Nº 65 de 16/12/2008}",
  author="{Conselho Nacional de Justiça}",
  year="2008",
  urldate={2022-07-08},
  url="https://atos.cnj.jus.br/atos/detalhar/atos-normativos?documento=119",
}

@techreport{spec:iso-modulo-97,
  title="{Information technology --- Security techniques --- Check character systems}",
  author="{International Organization for Standardization}",
  type="{Standard}",
  volume="{2003}",
  key="{ISO/IEC 7064:2003}",
  year={2003},
  urldate={2022-07-08},
  url="https://www.iso.org/standard/31531.html",
}

@online{about:poetry,
  title="{Poetry - Python package management and packaging made easy}",
  author="{Poetry}",
  urldate={2022-07-18},
  url="https://python-poetry.org",
}

@online{about:typer,
  title="{Typer}",
  author="{Sebastián Ramírez}",
  urldate={2022-07-18},
  url="https://typer.tiangolo.com/",
}

@online{about:flask,
  title="{Flask Documentation}",
  author="{Pallets}",
  urldate={2022-07-18},
  url="https://flask.palletsprojects.com/en/2.1.x/",
}

@online{spec:toml,
  title="{TOML: Tom's Obvious Minimal Language}",
  author="{Tom Preston-Werner}",
  urldate={2022-07-18},
  url="https://toml.io/en/",
}
